=LDR  00624cam a2200193 c 4500
=020  \\$a8247806010$qib.$cNkr 239.00
=080  \\$a839.6
=082  74$a839.823$qNO-OsNB$24/nor
=100  1\$aRenberg, Tore$d1972-$4aut$0(NO-TrBIB)90858991$1http://viaf.org/viaf/34565761$4http://rdaregistry.info/Elements/w/object/P10061
=240  00$aHando, Kjendo :$btorsdag$1http://viaf.org/viaf/hando,kjendo_eksempel
=245  10$aHando, Kjendo :$btorsdag$c[tegninger av Kim Hiorthøy ; tekst av Tore Renberg] 
=260  \\$a[Oslo]$bGyldendal Tiden$ccop. 2000
=300  \\$a[62] s.$bill.
=336  \\$atext$2rdacontent$0http://rdaregistry.info/termList/RDAContentType/1020
=337  \\$aunmediated$2rdamedia$0http://rdaregistry.info/termList/RDAMediaType/1007
=338  \\$avolume$2rdacarrier$0http://rdaregistry.info/termList/RDACarrierType/1049
=700  1\$aHiorthøy, Kim$d1973-$4ill$0(NO-TrBIB)90782454$1http://viaf.org/viaf/80096464$4http://rdaregistry.info/Elements/a/object/P30321

