=LDR  00703cam a2200217 c 4500
=020  \\$a8210046292$qh.$cNkr 79.00
=082  74$a839.823$qNO-OsNB$24/nor
=100  1\$aRenberg, Tore$d1972-$0(NO-TrBIB)90858991$4aut$1http://viaf.org/viaf/34565761$4http://rdaregistry.info/Elements/w/object/P10061
=240  00$aEn god tid :$berindringer fra fremtiden : en kjærlighetsroman fra den tid som skal komme, til minne om den tid som har vært$1http://viaf.org/viaf/engodtid_eksempel
=245  13$aEn god tid :$berindringer fra fremtiden : en kjærlighetsroman fra den tid som skal komme, til minne om den tid som har vært$cTore Renberg 
=300  \\$a238 s.
=336  \\$atext$2rdacontent$0http://rdaregistry.info/termList/RDAContentType/1020
=337  \\$aunmediated$2rdamedia$0http://rdaregistry.info/termList/RDAMediaType/1007
=338  \\$avolume$2rdacarrier$0http://rdaregistry.info/termList/RDACarrierType/1049
=490  1\$aTidens pocketutgave
=500  \\$a1. utg. 2000
=500  \\$aUndertittel på ryggen: Roman
=830  \0$aTidens pocketutgave

