=LDR  00773cam a2200229 c 4500
=020  \\$a8205277729$qh.$cNkr 89.00
=082  74$a839.823$qNO-OsNB$24/nor
=100  1\$aObstfelder, Sigbjørn$d1866-1900$0(NO-TrBIB)90076535$4aut$1http://viaf.org/viaf/69039405$4http://rdaregistry.info/Elements/w/object/P10061
=240  00$aEn prests dagbog$1http://viaf.org/viaf/214006009
=245  13$aEn prests dagbog$cSigbjørn Obstfelder ; med etterord av Tore Renberg 
=260  \\$a[Oslo]$bGyldendal$c2001
=300  \\$a117 s.
=336  \\$atext$2rdacontent$0http://rdaregistry.info/termList/RDAContentType/1020
=337  \\$aunmediated$2rdamedia$0http://rdaregistry.info/termList/RDAMediaType/1007
=338  \\$avolume$2rdacarrier$0http://rdaregistry.info/termList/RDACarrierType/1049
=490  1\$aGyldendal klassiker
=500  \\$a1. utg. København : Gyldendalske Boghandel, 1900 med tittel: En Præsts Dagbog
=700  1\$aRenberg, Tore$d1972-$0(NO-TrBIB)90858991$4aft$1http://viaf.org/viaf/34565761$4http://rdaregistry.info/Elements/a/object/P50227 (Trond: denne rdaregistry-lenken er "deprecated", men fant ingen annen til "afterword")
=740  3\$aEn præsts dagbog
=740  3\$aEn prests dagbok
=830  \0$aGyldendal klassiker

