=LDR  00587cam a2200193 c 4500
=020  \\$a8202221676$qib.$cNkr 199.00
=041  1\$hnob
=080  \\$a839.6
=082  74$a839.823$qNO-OsNB$24/nor
=100  1\$aRenberg, Tore$d1972-$0(NO-TrBIB)90858991$4aut$1http://viaf.org/viaf/34565761$4http://rdaregistry.info/Elements/w/object/P10061
=240  00$aTrillefolket :$bhva hendte med Kjartan? $1http://viaf.org/viaf/trillefolket_eksempel
=245  10$aTrillefolket :$bhva hendte med Kjartan?$cTore Renberg ; tegninger av Per Dybvig 
=260  \\$a[Oslo]$bCappelen$c2002
=300  \\$a91 s.$bill.
=336  \\$atext$2rdacontent$0http://rdaregistry.info/termList/RDAContentType/1020
=337  \\$aunmediated$2rdamedia$0http://rdaregistry.info/termList/RDAMediaType/1007
=338  \\$avolume$2rdacarrier$0http://rdaregistry.info/termList/RDACarrierType/1049
=700  1\$aDybvig, Per$d1964-$4ill$0(NO-TrBIB)90612202$1http://viaf.org/viaf/10543719$4http://rdaregistry.info/Elements/w/object/P10058


