=LDR  00851aam a22002651i 4500
=008  211108s2014\\\\xxk||||go\\\\||||\1|eng\\
=020  \\$a1909807826$qElectronic book (EPUB format)
=020  \\$a9781909807822$qElectronic book (EPUB format)
=020  \\$z9781910050583$qprint
=037  \\$a9781909807822$bHachette UK
=041  1\$aeng$hnor
=082  04$a839.8238$223
=100  1\$aRenberg, Tore,$d1972-$eaut$1http://viaf.org/viaf/34565761$4http://rdaregistry.info/Elements/w/object/P10061
=240  00$aVi ses i morgen$1http://viaf.org/viaf/312321100
=245  10$aSee you tomorrow $cTore Renberg ; translated by Sean Kinsella. 
=246  1\$aVi ses i morgen$iOriginaltittel
=264  \1$aLondon :$bArcadia Books,$c2014.
=300  \\$a1 online resource (600 pages).
=336  \\$atext$2rdacontent$0http://rdaregistry.info/termList/RDAContentType/1020
=337  \\$acomputer$2rdamedia$0http://rdaregistry.info/termList/RDAMediaType/1003
=338  \\$aonline resource$2rdacarrier$0http://rdaregistry.info/termList/RDACarrierType/1018
=700  1\$aKinsella, Seán$c(Translator),$etrl$1http://viaf.org/viaf/226817424$4http://rdaregistry.info/Elements/e/object/P20037

