=LDR  00467nam a2200169 i 4500
=008  161014s2016\\\\no\\\\\\\\\\\\000\1\nor\\
=020  \\$a9788249516957
=100  1\$aRenberg, Tore,$d1972-$eaut$1http://viaf.org/viaf/34565761$4http://rdaregistry.info/Elements/w/object/P10061
=240  00$aDu er så lys :$broman$1http://viaf.org/viaf/duersalys_eksempel
=245  10$aDu er så lys :$broman $cTore Renberg 
=264  \1$aOslo :$bForlaget Oktober,$c2016.
=300  \\$a266 pages ;$c21 cm
=336  \\$atext$2rdacontent$0http://rdaregistry.info/termList/RDAContentType/1020
=337  \\$aunmediated$2rdamedia$0http://rdaregistry.info/termList/RDAMediaType/1007
=338  \\$avolume$2rdacarrier$0http://rdaregistry.info/termList/RDACarrierType/1049

