=LDR  00483nam a2200181 a 4500
=008  050805s2005\\\\no\\\\\\\\\\\\000\1\nor\\
=020  \\$a8249502914
=100  1\$aRenberg, Tore,$d1972-$4aut$1http://viaf.org/viaf/34565761$4http://rdaregistry.info/Elements/w/object/P10061
=240  00$aKompani Orheim :$broman$1http://viaf.org/viaf/9937151965272000470001
=245  10$aKompani Orheim :$broman $cTore Renberg. 
=260  \\$aOslo :$bForlaget Oktober,$c2005.
=300  \\$a460 p. ;$c21 cm.
=336  \\$atext$2rdacontent$0http://rdaregistry.info/termList/RDAContentType/1020
=337  \\$aunmediated$2rdamedia$0http://rdaregistry.info/termList/RDAMediaType/1007
=338  \\$avolume$2rdacarrier$0http://rdaregistry.info/termList/RDACarrierType/1049